<?xml version = "1.0" encoding = "UTF-8"?><OAI-PMH xmlns="http://www.openarchives.org/OAI/2.0/" xmlns:xsi="http://www.w3.org/2001/XMLSchema-instance" xsi:schemaLocation="http://www.openarchives.org/OAI/2.0/ http://www.openarchives.org/OAI/2.0/OAI-PMH.xsd"><ListRecords><record><header><identifier>aleph-publish:017054617</identifier></header><metadata><record xmlns="http://www.ddb.de/professionell/mabxml/mabxml-1.xsd"><leader>00000nM2.01200024------h</leader><controlfield tag="LDR">00000nM2.01200024------h</controlfield><controlfield tag="FMT">MH</controlfield><datafield tag="001" ind1="-" ind2="1"><subfield code="a">HT015612055</subfield></datafield><datafield tag="002" ind1="a" ind2="1"><subfield code="a">20080717</subfield></datafield><datafield tag="003" ind1="-" ind2="1"><subfield code="a">20220707192500.0</subfield></datafield><datafield tag="020" ind1="a" ind2="1"><subfield code="a">2438569-4</subfield><subfield code="b">DNB</subfield></datafield><datafield tag="025" ind1="a" ind2="1"><subfield code="a">989651053</subfield></datafield><datafield tag="025" ind1="z" ind2="1"><subfield code="a">2438569-4</subfield></datafield><datafield tag="025" ind1="o" ind2="1"><subfield code="a">699274666</subfield></datafield><datafield tag="026" ind1="-" ind2="1"><subfield code="a">ZDB2438569-4</subfield></datafield><controlfield tag="030">a||u|||||||37</controlfield><datafield tag="036" ind1="a" ind2="1"><subfield code="a">XA-DE</subfield></datafield><datafield tag="037" ind1="b" ind2="1"><subfield code="a">ger</subfield></datafield><controlfield tag="050">a|a|||||||||||</controlfield><controlfield tag="052">p||||||af||||||</controlfield><datafield tag="060" ind1="-" ind2="1"><subfield code="b">txt</subfield><subfield code="a">Text</subfield></datafield><datafield tag="061" ind1="-" ind2="1"><subfield code="b">n</subfield><subfield code="a">ohne Hilfsmittel zu benutzen</subfield></datafield><datafield tag="062" ind1="-" ind2="1"><subfield code="b">nc</subfield><subfield code="a">Band</subfield></datafield><datafield tag="064" ind1="a" ind2="1"><subfield code="a">Zeitschrift</subfield><subfield code="9">(DE-588)4067488-5</subfield></datafield><datafield tag="070" ind1="-" ind2="1"><subfield code="a">1230</subfield></datafield><datafield tag="070" ind1="a" ind2="1"><subfield code="a">DNB</subfield></datafield><datafield tag="070" ind1="b" ind2="1"><subfield code="a">9001</subfield></datafield><datafield tag="073" ind1="-" ind2="1"><subfield code="a">9,10</subfield></datafield><datafield tag="331" ind1="-" ind2="1"><subfield code="a">In situ</subfield></datafield><datafield tag="335" ind1="-" ind2="1"><subfield code="a">Zeitschrift für Architekturgeschichte</subfield></datafield><datafield tag="370" ind1="a" ind2="1"><subfield code="a">Insitu</subfield></datafield><datafield tag="376" ind1="c" ind2="1"><subfield code="a">In situ (Worms)</subfield></datafield><datafield tag="405" ind1="-" ind2="1"><subfield code="a">1.2009 -</subfield></datafield><datafield tag="406" ind1="b" ind2="1"><subfield code="d">1</subfield><subfield code="j">2009</subfield></datafield><datafield tag="419" ind1="-" ind2="1"><subfield code="a">Worms</subfield><subfield code="b">Werner</subfield><subfield code="c">2009-</subfield><subfield code="A">3</subfield></datafield><datafield tag="425" ind1="b" ind2="1"><subfield code="a">2009</subfield></datafield><datafield tag="435" ind1="-" ind2="1"><subfield code="a">30 cm</subfield></datafield><datafield tag="523" ind1="-" ind2="1"><subfield code="a">2x jährl.</subfield></datafield><datafield tag="542" ind1="a" ind2="1"><subfield code="a">1866-959X</subfield></datafield><datafield tag="542" ind1="a" ind2="1"><subfield code="a">1866-959X</subfield><subfield code="b">(ISSN-Zentrum für Deutschland)</subfield></datafield><datafield tag="574" ind1="-" ind2="1"><subfield code="a">10,A10</subfield></datafield><datafield tag="700" ind1="-" ind2="1"><subfield code="a">720</subfield><subfield code="2">DNB</subfield></datafield><datafield tag="700" ind1="-" ind2="1"><subfield code="a">700</subfield><subfield code="2">ZDB</subfield></datafield><datafield tag="700" ind1="-" ind2="1"><subfield code="a">690</subfield><subfield code="2">ZDB</subfield></datafield><datafield tag="700" ind1="l" ind2="1"><subfield code="a">510</subfield></datafield><datafield tag="700" ind1="w" ind2="1"><subfield code="a">012000*zs</subfield></datafield><datafield tag="700" ind1="g" ind2="1"><subfield code="a">ZH 0001</subfield></datafield><datafield tag="700" ind1="g" ind2="1"><subfield code="a">NA 1000</subfield></datafield><datafield tag="705" ind1="a" ind2="1"><subfield code="a">720.5</subfield><subfield code="e">DDC22ger</subfield></datafield><datafield tag="902" ind1="-" ind2="1"><subfield code="s">Architektur</subfield><subfield code="9">(DE-588)4002851-3</subfield></datafield><datafield tag="902" ind1="-" ind2="1"><subfield code="z">Geschichte</subfield></datafield><datafield tag="902" ind1="-" ind2="1"><subfield code="f">Zeitschrift</subfield></datafield><datafield tag="904" ind1="a" ind2="1"><subfield code="a">DE-473</subfield><subfield code="a">DE-604</subfield></datafield><controlfield tag="SYS">017054617</controlfield><datafield tag="LOW" ind1="-" ind2="1"><subfield code="a">A0001</subfield></datafield><datafield tag="LOW" ind1="-" ind2="1"><subfield code="a">R0001</subfield></datafield><datafield tag="LOW" ind1="-" ind2="1"><subfield code="a">A5001</subfield></datafield><datafield tag="LOW" ind1="-" ind2="1"><subfield code="a">Q1142</subfield></datafield><datafield tag="LOW" ind1="-" ind2="1"><subfield code="a">P0001</subfield></datafield><datafield tag="LOW" ind1="-" ind2="1"><subfield code="a">H0001</subfield></datafield><datafield tag="LOW" ind1="-" ind2="1"><subfield code="a">U0001</subfield></datafield><datafield tag="LOW" ind1="-" ind2="1"><subfield code="a">X0001</subfield></datafield><datafield tag="LOW" ind1="-" ind2="1"><subfield code="a">K6001</subfield></datafield><datafield tag="LOW" ind1="-" ind2="1"><subfield code="a">K1139</subfield></datafield><datafield tag="LOW" ind1="-" ind2="1"><subfield code="a">K5001</subfield></datafield><datafield tag="LOW" ind1="-" ind2="1"><subfield code="a">B4018</subfield></datafield><datafield tag="LOW" ind1="-" ind2="1"><subfield code="a">A3041</subfield></datafield><datafield tag="LOW" ind1="-" ind2="1"><subfield code="a">M1010</subfield></datafield><datafield tag="952" ind1="-" ind2="1"><subfield code="s">Baukunst</subfield></datafield><datafield tag="088" ind1=" " ind2=" "><subfield code="a">Kn 3</subfield><subfield code="c">Zi Insitu</subfield><subfield code="d">2.2010,2; 3.2011 - 4.2012; 6.2014,2</subfield></datafield><datafield tag="088" ind1=" " ind2=" "><subfield code="a">832</subfield><subfield code="b">32</subfield><subfield code="c">82I26</subfield><subfield code="d">11.2019 -</subfield></datafield><datafield tag="088" ind1=" " ind2=" "><subfield code="a">294/30</subfield><subfield code="c">ZD 71</subfield><subfield code="d">1.2009,1 - 3.2011,2; 4.2012,2; 5.2013,1 - 6.2014,1; 7.2015-</subfield></datafield><datafield tag="088" ind1=" " ind2=" "><subfield code="a">82</subfield><subfield code="c">Zf823</subfield><subfield code="d">1.2009 -</subfield></datafield><datafield tag="088" ind1=" " ind2=" "><subfield code="a">6/015</subfield><subfield code="c">Z 1500 [30.]</subfield><subfield code="d">2.2010,1</subfield></datafield><datafield tag="088" ind1=" " ind2=" "><subfield code="a">A 96</subfield><subfield code="b">BAY_ZSFrei</subfield><subfield code="c">13 Z 959</subfield><subfield code="d">3.2011-</subfield></datafield><datafield tag="088" ind1=" " ind2=" "><subfield code="a">929</subfield><subfield code="b">Neueste 5 Jahrgänge Lesesaal 1. OG; lfd. Jg. Klappfächer</subfield><subfield code="c">ZA 6163</subfield><subfield code="d">1.2009 -</subfield></datafield><datafield tag="088" ind1=" " ind2=" "><subfield code="a">61</subfield><subfield code="b">LS</subfield><subfield code="c">kun z i 500</subfield><subfield code="d">1.2009 - 3.2011; 4.2012,2; 5.2013 -</subfield></datafield><datafield tag="088" ind1=" " ind2=" "><subfield code="a">466</subfield><subfield code="b">50</subfield><subfield code="c">82i4</subfield><subfield code="d">1.2009 -</subfield></datafield><datafield tag="088" ind1=" " ind2=" "><subfield code="a">38/445</subfield><subfield code="c">FZ 103</subfield><subfield code="d">1.2009 -</subfield></datafield><datafield tag="088" ind1=" " ind2=" "><subfield code="a">290</subfield><subfield code="b">BR</subfield><subfield code="d">1.2009 -</subfield></datafield><datafield tag="088" ind1=" " ind2=" "><subfield code="a">82/212</subfield><subfield code="c">Zi 200</subfield><subfield code="d">3.2011,2</subfield></datafield><datafield tag="088" ind1=" " ind2=" "><subfield code="a">5/7</subfield><subfield code="c">W 3</subfield><subfield code="d">1.2009 -</subfield></datafield><datafield tag="200" ind1=" " ind2="9"><subfield code="0">1</subfield><subfield code="b">2.2010,2; 3.2011 - 4.2012; 6.2014,2</subfield><subfield code="f">Zi Insitu</subfield><subfield code="2">K6001</subfield></datafield><datafield tag="200" ind1=" " ind2="9"><subfield code="0">1</subfield><subfield code="b">11.2019 -</subfield><subfield code="f">82I26</subfield><subfield code="g">32</subfield><subfield code="2">K5001</subfield></datafield><datafield tag="200" ind1=" " ind2="9"><subfield code="0">1</subfield><subfield code="b">1.2009,1 - 3.2011,2; 4.2012,2; 5.2013,1 - 6.2014,1; 7.2015-</subfield><subfield code="f">ZD 71</subfield><subfield code="2">B4018</subfield></datafield><datafield tag="200" ind1=" " ind2="9"><subfield code="0">1</subfield><subfield code="b">1.2009 -</subfield><subfield code="f">Zf823</subfield><subfield code="k">Ungebundende Hefte: Informationszentrum / Zeitschriftenauslage: ZH</subfield><subfield code="2">A0001</subfield></datafield><datafield tag="200" ind1=" " ind2="9"><subfield code="0">1</subfield><subfield code="b">2.2010,1</subfield><subfield code="f">Z 1500 [30.]</subfield><subfield code="2">M1010</subfield></datafield><datafield tag="200" ind1=" " ind2="9"><subfield code="0">1</subfield><subfield code="b">3.2011-</subfield><subfield code="e">Hefte des laufenden Jahres in der Zeitschriftenauslage, die letzten 15 Jahrgänge in der Zeitschriftenfreihand</subfield><subfield code="f">13 Z 959</subfield><subfield code="g">BAY_ZSFrei</subfield><subfield code="2">A5001</subfield></datafield><datafield tag="200" ind1=" " ind2="9"><subfield code="0">1</subfield><subfield code="b">1.2009 -</subfield><subfield code="f">ZA 6163</subfield><subfield code="g">Neueste 5 Jahrgänge Lesesaal 1. OG; lfd. Jg. Klappfächer</subfield><subfield code="h">510/Z</subfield><subfield code="2">R0001</subfield></datafield><datafield tag="200" ind1=" " ind2="9"><subfield code="0">1</subfield><subfield code="b">1.2009 - 3.2011; 4.2012,2; 5.2013 -</subfield><subfield code="f">kun z i 500</subfield><subfield code="g">LS</subfield><subfield code="2">X0001</subfield></datafield><datafield tag="200" ind1=" " ind2="9"><subfield code="0">1</subfield><subfield code="b">1.2009 -</subfield><subfield code="f">82i4</subfield><subfield code="g">50</subfield><subfield code="2">P0001</subfield></datafield><datafield tag="200" ind1=" " ind2="9"><subfield code="0">1</subfield><subfield code="b">1.2009 -</subfield><subfield code="f">FZ 103</subfield><subfield code="2">K1139</subfield></datafield><datafield tag="200" ind1=" " ind2="9"><subfield code="0">1</subfield><subfield code="b">1.2009 -</subfield><subfield code="e">Neuester ungebundener Bestand in BAB Zeitschriftenauslage</subfield><subfield code="g">BR</subfield><subfield code="h">ZY 371</subfield><subfield code="2">U0001</subfield></datafield><datafield tag="200" ind1=" " ind2="9"><subfield code="0">1</subfield><subfield code="b">3.2011,2</subfield><subfield code="f">Zi 200</subfield><subfield code="2">A3041</subfield></datafield><datafield tag="200" ind1=" " ind2="9"><subfield code="0">1</subfield><subfield code="b">1.2009 -</subfield><subfield code="f">W 3</subfield><subfield code="2">Q1142</subfield></datafield></record></metadata></record></ListRecords></OAI-PMH>